@Book{		  levy84,
  author	= "Herry M. Levy",
  title		= "Capability-based computer systems",
  publisher	= "Digital Press",
  year		= 1984
}

@inproceedings{   SPLASH2,
  author	= "Steven Cameron Woo and Moriyoshi Ohara and Evan Torrie and Jaswinder Pal Singh and Anoop Gupta",
  title		= "The {SPLASH-2} Programs: Characterization and Methodological Considerations",
  booktitle	= "ISCA",
  year		= "1995",
}

@inproceedings{   failstop98,
  author 	= "Subhachandra Chandra and Peter M. Chen",
  title		= "How Fail-Stop are Faulty Programs?",
  booktitle	= "FTCS",
  year		= "1998",
}

@inproceedings{	  tullsen95,
  author	= "Dean M. Tullsen and Susan Eggers and Henry M. Levy",
  title		= "Simultaneous multithreading: Maximizing on-chip parallelism",
  booktitle	= "ISCA",
  year		= "1995"
}

@Article{ Simics02,
  author	= "Peter S. Magnusson and Magnus Christensson and Jesper Eskilson and Daniel Forsgren and Gustav Hallberg and Johan Hogberg and Fredrik Larsson and Andreas Moestedt and Bengt Werner",
  title		= "Simics: A full system simulation platform",
  journal	= "IEEE Computer",
  volume	= "35",
  number	= "2",
  pages		= "50-58",
  year		= "2002",
}
@inproceedings{Simics98,
 author 	= "Peter S. Magnusson and Fredrik Dahlgren and Hkan Grahn and Magnus Karlsson and Fredrik Larsson and Fredrik Lundholm and Andreas Moestedt and Jim Nilsson and Per Stenstrom and Bengt Werner",
 title 		= "Simics/sun4m: A Virtual Workstation",
 booktitle 	= "Usenix Annual Technical Conference",
 year		= "1998"
}
@Article{	  savage97eraser,
  author	= "Stefan Savage and Michael Burrows and Greg Nelson and
		  Patrick Sobalvarro and Thomas Anderson",
  title		= "{Eraser}: {A} dynamic data race detector for multithreaded programs",
  journal	= "ACM TOCS",
  year		= "1997",
  url		= "citeseer.nj.nec.com/savage97eraser.html"
}

@inproceedings{	  lamsigsoft02,
  author	= "Sudheendra Hangal and Monica S. Lam",
  title		= "Tracking down software bugs using automatic anomaly detection",
  booktitle	= "ICSE",
  year		= "2002"
}

@inproceedings{	  lamasplos02,
  author	= "Jeffrey Oplinger and Monica S. Lam",
  title		= "Enhancing software reliability with speculative threads",
  booktitle	= "ASPLOS",
  year		= "2002",
  url		= "citeseer.nj.nec.com/533769.html"
}

@InProceedings{	  choipldi02,
  author	= {Jong-Deok Choi and others},
  title		= {Efficient and precise datarace detection for multithreaded object-oriented programs},
  booktitle = {PLDI},
  year		= {2002},
  location	= {Berlin, Germany},
  doi		= {http://doi.acm.org/10.1145/512529.512560},
}

@InProceedings{	  patil95,
  author	= "H. Patil and C. Fischer",
  title		= "Efficient run-time monitoring using shadow processing",
  booktitle	= "Automated and Algorithmic Debugging",
  year		= "1995"
}

@InProceedings{	  purify,
  author	= "Reed Hastings and Bob Joyce",
  title		= "Purify: Fast detection of memory leaks and access errors",
  booktitle	= "Usenix Winter Technical Conference ",
  year		= "1992"
}

@Misc{		  blueprints00,
  author	= "E. Marcus and H. Stern",
  title		= "Blueprints for high availability",
  howpublished	= "John Willey and Sons",
  year		= 2000
}

@Misc{		  nist,
  author	= "{National Institute of Standards and Technlogy (NIST),
		  Department of Commerce.}",
  title		= "Software errors cost {U.S.} economy \$59.5 billion annually",
  howpublished	= "NIST News Release 2002-10",
  month		= "June",
  year		= "2002"
}

@InProceedings{	  dean97profileme,
  author	= "Jeffrey Dean and James E. Hicks and Carl A. Waldspurger
		  and William E. Weihl and George Z. Chrysos",
  title		= " {ProfileMe}: Hardware support for instruction-level
		  profiling on out-of-order processors",
  booktitle	= "MICRO",
  year		= "1997",
  url		= "citeseer.nj.nec.com/dean97profileme.html"
}

@InProceedings{	  racerx,
  title		= "{RacerX}: Effective, static detection of race conditions
		  and deadlocks",
  author	= "Dawson Engler and Ken Ashcraft",
  booktitle	= "SOSP",
  year		= "2003"
}

@InProceedings{ racetrack,
  title		="RaceTrack: Efficient Detection of Data Race Conditions via Adaptive Tracking",
  author 	="Yuan Yu and Thomas Rodeheffer and Wei Chen",
  booktitle	= "SOSP",
  year		= "2005"
}

@InProceedings{	  cmcosdi02,
  author	= "Madanlal Musuvathi and David Park and Andy Chou and Dawson
		  Engler and David L. Dill",
  year		= "2002",
  title		= "{CMC: A pragmatic approach to model checking real code}",
  booktitle	= "OSDI", 
  url		= "citeseer.nj.nec.com/musuvathi02cmc.html"
}

@InProceedings{	  stern95verification,
  author	= "Ulrich Stern and David L. Dill",
  title		= "Automatic verification of the {SCI} cache coherence protocol",
  booktitle	= "Conference on Correct Hardware Design and Verification Methods",
  year		= "1995",
  url		= "citeseer.nj.nec.com/stern95automatic.html"
}

@InProceedings{	  chouasplos00,
  author	= "Andy Chou and Benjamin Chelf and Dawson Engler and Mark Heinrich",
  title		= "Using meta-level compilation to check {FLASH} protocol code",
  booktitle	= "{ASPLOS-IX}",
  year		= "2000",
  url		= "citeseer.nj.nec.com/chou00using.html"
}

@InProceedings{	  stackguard98,
  author	= "Crispan Cowan and others", 
  title		= "{StackGuard}: Automatic adaptive detection and prevention
		  of buffer-overflow attacks",
  booktitle	= "USENIX Security Conference",
  year		= "1998",
  url		= "citeseer.nj.nec.com/cowan98stackguard.html"
}

@Misc{		  xueasy02,
  author	= "Jun Xu and Zbigniew Kalbarczyk and Sanjay Patel and Ravishankar K. Iyer",
  title		= "Architecture support for defending against buffer overflow attacks",
  howpublished	= "EASY-2 Workshop",
  year		= 2002
}

@InProceedings{	  austinpldi94,
  author	= "Todd M. Austin and Scott E. Breach and Gurindar S. Sohi",
  title		= "Efficient detection of all pointer and array access errors",
  booktitle	= "{PLDI}",
  year		= "1994",
  url		= "citeseer.nj.nec.com/austin94efficient.html"
}

@Misc{		  intelspec,
  author	= "{Intel Corporation}",
  title		= "The {IA}-32 {Intel} architecture software developer's manual,
		  Volume 2: Instruction set reference",
  year      = "2001"
}

@InProceedings{	  witchelasplos02,
  author	= {E. Witchel and J. Cates and Krste Asanovi\'c},
  title		= {Mondrian memory protection},
  booktitle	= {ASPLOS},
  year		= "2002"
}

@InProceedings{	  fdr03,
  author	= {Min Xu and Rastislav Bodik and Mark D. Hill},
  title		= {A ``flight data recorder'' for enabling full-system multiprocessor deterministic replay},
  booktitle	= {ISCA},
  year		= {2003}
}

@InProceedings{	  codrescu99,
  author	= "L. Codrescu and D. S. Wills",
  title		= "On dynamic speculative thread partitioning and the {MEM}-slicing algorithm",
  booktitle	= {PACT},
  year		= 1999
}

@InProceedings{	  xom00,
  author	= "David Lie and others",
  title		= "Architectural support for copy and tamper resistant software",
  booktitle	= "{ASPLOS}",
  year		= "2000"
}

@InProceedings{	  suhics03,
  author	= "G. Suh and D. Clarke and B. Gassend and M. van Dijk and S.
		  Devadas",
  title		= "{AEGIS}: Architecture for tamper-evident and tamper-resistant processing",
  booktitle	= "{ICS}",
  year		= "2003"
}

@InProceedings{luishpca07,
  author    = {Ceze, Luis and Montesinos, Pablo and von Praun, Christoph and Torrellas, Josep},
  title     = {Colorama: Architectural Support for Data-Centric Synchronization},
  booktitlef = {Proceedings of the 13th International Symposium on High-Performance Computer Architecture},
  booktitle = {HPCA},
  year      = "2007"
}

@InProceedings{	  daikon00,
  author	= "Michael Ernst and Adam Czeisler and William G. Griswold
		  and David Notkin",
  title		= "Quickly detecting relevant program invariants",
  booktitle	= "ICSE",
  year		= "2000"
}

@inproceedings{ nimmer02automatic,
  author = {Jeremy W. Nimmer and Michael D. Ernst},
  title = {Automatic generation of program specifications},
  booktitle = {ISSTA 2002, Proceedings of the 2002 International
    Symposium on Software Testing and Analysis},
  pages = {232--242},
  address = {Rome, Italy},
  month = {July~22--24,},
  year = {2002}
}

@inproceedings{ nimmer02invariant,
  author = {Jeremy W. Nimmer and Michael D. Ernst},
  title = {Invariant inference for static checking: An empirical evaluation},
  booktitle = {FSE},
  year = {2002}
}

@InProceedings{	  oplinger99,
  author	= "J. Oplinger and D. Heine and M. Lam",
  title		= "In search of speculative thread-level parallelism",
  booktitle	= "PACT",
  year		= "1999"
}

@InProceedings{	  safetynet02,
  author	= {Daniel J. Sorin and Milo M. K. Martin and Mark D. Hill and
		  David A. Wood},
  title		= {{SafetyNet}: Improving the availability of shared memory
		  multiprocessors with global checkpoint/recovery},
  booktitle	= {ISCA},
  year		= {2002}
}

@InProceedings{	  rmt00,
  author	= "Steven K. Reinhardt and Shubhendu S. Mukherjee",
  title		= "Transient fault detection via simultaneous multithreading",
  booktitle	= "{ISCA}",
  year		= "2000"
}

@InProceedings{	  martinez02,
  author	= "Jos{\'e} F. Mart{\'\i}nez and Josep Torrellas",
  title		= "Speculative synchronization: Applying thread-level
		  speculation to explicitly parallel applications",
  booktitle	= "{ASPLOS}",
  year		= "2002"
}

@InProceedings{	  schnarr96,
  author	= {Eric Schnarr and James R. Larus},
  title		= {Instruction scheduling and executable editing},
  booktitle	= {MICRO},
  year		= {1996}
}

@InProceedings{	  koldingerasplos92,
  author	= "Eric J. Koldinger and Jeffrey S. Chase and Susan J. Eggers",
  title		= "Architectural support for single address space operating systems",
  booktitle	= "{ASPLOS}",
  year		= "1992"
}

@Article{ lamport78,
  author    = "Leslie Lamport",
  title		= "Time, clocks, and the ordering of events in a distributed system",
  journal	= "Communications of the ACM",
  volume	= "21",
  number	= "7",
  pages		= "558-565",
  month		= "July",
  year		= "1978",
}
  
@Article{	  fabry74,
  author	= "R. S. Fabry",
  title		= "Capability-based addressing",
  journal	= "Communications of the {ACM}",
  month		= "July",
  year		= 1974
}

@InProceedings{	  schoinasasplos94,
  author	= "Ioannis Schoinas and others",
  title		= "Fine-grain access control for distributed shared memory",
  booktitle	= "ASPLOS",
  year		= "1994",
  url		= "citeseer.nj.nec.com/schoinas94finegrain.html"
}

@InProceedings{	  wahbepldi93,
  author	= "Robert Wahbe and Steven Lucco and Susan L. Graham",
  title		= "Practical data breakpoints: Design and implementation",
  booktitle	= "PLDI",
  year		= "1993",
  url		= "citeseer.nj.nec.com/wahbe93practical.html"
}

@Book{		  sparcspec,
  author	= "{SPARC International}",
  title		= "The {SPARC} architecture manual: Version 8",
  publisher	= "Pren{\-}tice-Hall",
  year		= "1992"
}

@Book{		  softwaretestingbook,
  author	= "{Roper and Marc}",
  title		= "Software Testing",
  publisher	= "McGraw{\-}Hill Book Company",
  year		= "1994"
}

@InProceedings{	  wahbeasplos92,
  author	= "R. Wahbe",
  title		= "Efficient data breakpoints",
  booktitle	= "{ASPLOS}",
  year		= "1992"
}

@InProceedings{	  johnson82,
  author	= "M. S. Johnson",
  title		= "Some requirements for architectural support of software debugging",
  booktitle	= "ASPLOS",
  year		= "1982"
}

@InProceedings{	  cargill87,
  author	= "T. A. Cargill and B. N. Locanthi",
  title		= "Cheap hardware support for software debugging and profiling",
  booktitle	= "{ASPLOS}",
  year		= "1987"
}

@Book{		  risc,
  author	= "G. Kane and J. Heinrich",
  title		= "{MIPS RISC architecture}",
  publisher	= "Pren{\-}tice-Hall",
  year		= "1992"
}

@Misc{		  stacksmashing96,
  author	= "A. One",
  title		= "Smashing the stack for fun and profit",
  howpublished	= "Phrack Magazine",
  year		= "1996"
}

@InProceedings{	  stackghost01,
  author	= "M. Frantzen and M. Shuey",
  title		= " {StackGhost}: Hardware facilitated stack protection",
  booktitle	= "USENIX Security Symposium",
  year		= "2001"
}

@Article{	  buck00api,
  author	= "Bryan Buck and Jeffrey K. Hollingsworth",
  title		= "An {API} for runtime code patching",
  journal	= "The International Journal of High Performance Computing Applications",
  year		= "2000",
  month		= "Winter",
  url		= "citeseer.ist.psu.edu/buck00api.html"
}

@Misc{		  valgrind-obsolete,
  author	= "J. Seward",
  title  = "Valgrind",
  howpublished	= {URL: http://valgrind.kde.org/}
}

@inproceedings{valgrind,
  author = {Nicholas Nethercote and Julian Seward},
  title = {Valgrind: a framework for heavyweight dynamic binary instrumentation},
  booktitle = {PLDI},
  year = {2007}
}

@inproceedings{txlinux:isca:2007,
  author = {Christopher J. Rossbach and Owen S. Hofmann and Donald E. Porter and Hany E. Ramadan and Bhandari Aditya and Emmett Witchel},
  title = {TxLinux: using and managing hardware transactional memory in an operating system},
  booktitle = {SOSP},
  year = {2007}
}

@article{	valgrind-obsolete2, 
    author = " Nicholas Nethercote and Julian Seward",
    title = "Valgrind: A Program Supervision Framework",
    journal = " ENTCS",
    year = "2003"
}

@Misc{      valgrind-howto,
	author = "Julian Seward",
    title		= "Valgrind, an open-source memory debugger for {x86-GNU/Linux}",
    howpublished = {URL: http://www.ukuug.org/events/linux2002/papers/html/valgrind/}
}

@InProceedings{	  ccured03,
  author	= {Jeremy Condit and Matthew Harren and Scott McPeak and
		  George C. Necula and Westley Weimer},
  title		= {{CCured} in the real world},
  booktitle	= {PLDI},
  year		= {2003}
}

@InProceedings{	  ccured02,
  author	= {George C. Necula and Scott McPeak and Westley Weimer},
  title		= {{CCured}: Type-safe retrofitting of legacy code},
  booktitle	= {POPL},
  year		= {2002}
}

@InProceedings{weimer05mining,
  author  = {Westley Weimer and George Necula},
  title   = "Mining Temporal Specifications for Error Detection",
  booktitle = "TACAS",
    year    = "2005"
}

@InProceedings{	  loginov01,
  author	= {Alexey Loginov and Suan Hsi Yong and Susan Horwitz and Thomas W. Reps},
  title		= {Debugging via run-time type checking},
  booktitle	= {International Conference on Fundamental Approaches to Software Engineering},
  year		= {2001}
}

@Article{	  patil97,
  author	= {Harish Patil and Charles Fischer},
  title		= {Low-cost, concurrent checking of pointer and array accesses in {C} programs},
  journal	= {Software Practice \& Experience},
  month		= {January},
  year		= {1997}
}

@InProceedings{	  steffan_isca00,
  author	= "J. G. Steffan and C. B. Colohan and A. Zhai and T. C. Mowry",
  title		= "{A} {s}calable {a}pproach to {t}hread-{l}evel {s}peculation",
  booktitle	= "ISCA",
  year		= "2000",
}

@Article{	  tsai_toc99,
  author	= "Jenn-Yaun Tsai and Jian Huang and Christoffer Amlo and David J. Lilja and Pen-Chung Yew",
  title		= "{The superthreaded processor architecture}",
  journal	= "{IEEE Transactions on Computers}",
  month		= "September",
  year		= 1999,
}

@inproceedings{multiscalar,
    Author = "G.S. Sohi and S.E. Breach and T.N. Vijayakumar",
    Title = "{Multiscalar processors}",
    booktitle = "ISCA",
    Year = 1995
}

@InProceedings{	  isca01,
  author	= "M. Prvulovic and M. J. Garzar{\'a}n and L. Rauchwerger and J. Torrellas",
  title		= "{Removing architectural bottlenecks to the scalability of speculative parallelization}",
  booktitle	= "ISCA",
  year		= 2001,
}

@InProceedings{	  scal_spec,
  author	= "M. Cintra and J. Martinez and J. Torrellas",
  title		= "{Architectural support for scalable speculative parallelization in shared-memory systems}",
  booktitle	= "ISCA",
  year		= 2000,
}

@InProceedings{   CORD06,
  author	= "Milos Prvulovic",
  title		= "CORD:Cost-effective (and nearly overhead-free) Order-Reordering and Data race detection",
  booktitle = "HPCA",
  year		= "2006",
}

@InProceedings{	  prvul03,
  author	= "M. Prvulovic and J. Torrellas",
  title		= "{ReEnact: Using thread-level speculation mechanisms to debug data races in multithreaded codes}",
  booktitle	= "ISCA",
  year		= 2003,
}

@InProceedings{	  eel,
  author	= "J. Larus and E. Schnarr",
  title		= "{EEL: Machine-independent executable editing}",
  booktitle	= "PLDI",
  year		= "1995"
}

@InProceedings{	  atom,
  author	= "A. Srivastava and A. Eustace",
  title		= "{ATOM: A system for building customized program analysis tools}",
  booktitle	= "PLDI",
  year		= "1994"
}

@Misc{		  threadChecker,
  title		= "{Intel thread checker}",
  author	= "{KAI-Intel Corporation}",
  howpublished	= {URL: http://developer.intel.com/software/products/threading/tcwin}
}

@InProceedings{	  engler02b,
  title		= "A system and language for building system-specific, static analyses",
  author	= "S. Hallem and B. Chelf and Y. Xie and D. Engler",
  booktitle	= "{PLDI}",
  year		= "2002"
}

@inproceedings{iWatcher04,
  author =       "Pin Zhou and Feng Qin and Wei Liu and Yuanyuan Zhou and
                  Josep Torrellas",
  title =        "{iWatcher: Efficient Architecture Support for Software
                  Debugging}",
  booktitle =    "ISCA",
  year =         2004
}

@inproceedings{AccMon04,
  author =       "Pin Zhou and Wei Liu and Fei Long and Shan Lu and Feng Qin
                  and Yuanyuan Zhou and Sam Midkiff and Josep Torrellas",
  title =        "{AccMon: Automatically Detecting Memory-Related Bugs via
                  Program Counter-based Invariants}",
  booktitle =    "MICRO",
  year =         2004
}

@inproceedings{ engler01bugs,
    author = "Dawson Engler and David Yu Chen and Seth Hallem and Andy Chou and Benjamin Chelf",
    title = "Bugs as Deviant Behavior: A General Approach to Inferring Errors in Systems Code",
    booktitle = "SOSP",
    pages = "57--72",
    year = "2001"
}

@ARTICLE{Ntafos1988,
        AUTHOR = {Ntafos and Simeon},
        TITLE = {A Comparison of Some Structural Testing Strategies},
        JOURNAL = {IEEE Trans. Software Engineering},
        PAGES = {868-874},
        VOLUME = {14},
        SERIES = {6},
        YEAR = {1988}
}

@inproceedings{ xie03toolassisted,
  author = "T. Xie and D. Notkin",
  title = "Tool-assisted unit test selection based on operational violations",
  booktitle = "ASE",
  year = "2003",
  url = "citeseer.ist.psu.edu/687648.html"
}

@inproceedings{ harder03improving,
  author = "M. Harder and J. Mellen and M. Ernst",
  title = "Improving test suites via operational abstraction",
  booktitle = "ICSE",
  year = "2003",
  url = "citeseer.ist.psu.edu/harder03improving.html" 
}

@ARTICLE{OB88,
        AUTHOR = {T. J. Ostrand and M. J. Balcer},
        TITLE = {The category-partition
method for specifying and generating functional tests},
        JOURNAL = {Communications of the ACM},
        PAGES = {676-686},
        VOLUME = {31},
        SERIES = {6},
        YEAR = {1988}
}

@ARTICLE{DF93,
        AUTHOR = {J. Dick and A. Faivre},
        TITLE = {Automating the generating and sequencing
of test cases from model-based specifications.},
        JOURNAL = {Proceedings of the First International Symposium of Formal Methods Europe on Industrial-Strength Formal Methods},
        PAGES = {268-284},
        YEAR = {1993}
}

@inproceedings{ wang03ybranches,
  author = "N. Wang and M. Fertig and S. Patel",
  title = "Y-branches: When you come to a fork in the road, take it",
  booktitle = "PACT",
  year = "2003",
  url = "citeseer.ist.psu.edu/630646.html" 
}

@inproceedings{ gu03linuxerror,
  author = "Weining Gu and Zbigniew Kalbarczyk and Ravishankar K. Iyer and Zhenyu Yang",  
  title = "Characterization of Linux Kernel Behavior under Errors",
  booktitle = "DSN",
  year = "2003"  
}

@Book{Beizer90,
        author = "Beizer,Boris",
        TITLE = "{Software Testing Techniques, 2nd edition}",
        publisher = "New York: Van Nostrand Reinhold",
     	YEAR = {1990}
}

@inproceedings{ demillo80mut,
    author = "Timothy A. Budd and Richard A. DeMillo and Richard J. Lipton and Frederick G. Sayward",
    title = "Theoretical and empirical studies on using program mutation to test the functional correctness of programs",
    booktitle = "POPL",
    year = "1980"
}

@inproceedings{ howden81mut,
    author = "William E. Howden",
    title = "Completeness criteria for testing elementary program functions",
    booktitle = "ICSE",
    year = "1981"
}

@inproceedings{ ammann92Z,
    author = "N. Amla and P. Ammann",
    title = "Using {Z} specifications in category partition testing",
    booktitle = "COMPASS",
    year = "1992"
}
 
@Book{            craig02soft,
  author        = "Rick D. Craig and Stefan P. Jaskiel",
  title         = "Systematic Software Testing",
  publisher     = "Artech House",
  year          = 2002
}
  
@article{ arlat93fault,
    author = "Jean Arlat and Alain Costes and Yves Crouzet and Jean-Claude Laprie and David Powell",
    title = "Fault Injection and Dependability Evaluation of Fault-Tolerant Systems",
    journal = "IEEE Transactions on Computers",
    volume = "42",
    number = "8",
    pages = "913-923",
    year = "1993",
    url = "citeseer.ist.psu.edu/arlat93fault.html" }

@inproceedings{ Iyer95eval,
    author = "R.K.Iyer",
    title = "Experimental Evaluation",
    booktitle = "FTCS",
    year = 1995
} 

@inproceedings{ wallace98threaded,
    author = "Steven Wallace and Brad Calder and Dean M. Tullsen",
    title = "Threaded Multiple Path Execution",
    booktitle = "{ISCA}",
    year = "1998",
    url = "citeseer.ist.psu.edu/wallace98threaded.html" }

@inproceedings{ klauser98selective,
    author = "Artur Klauser and Abhijit Paithankar and Dirk Grunwald",
    title = "Selective Eager Execution on the PolyPath Architecture",
    booktitle = "{ISCA}",
    year = "1998",
    url = "citeseer.ist.psu.edu/article/klauser98selective.html" }

@Misc{PureCoverage,
  author        = "{Rational}",
  title  = "{Rational PureCoverage}",
  howpublished  = {URL: http://www-306.ibm.com/software/awdtools/purecoverage/support/}
}

@article{ holzmann97model,
    author = "Gerard J. Holzmann",
    title = "The Model Checker {SPIN}",
    journal = "Software Engineering",
    volume = "23",
    number = "5",
    pages = "279-295",
    year = "1997",
    url = "citeseer.ist.psu.edu/holzmann97model.html" }

@Book{ mcmillan93model,
    author = "McMillan, Kenneth L.",
    title = "Symbolic Model Checking",
    publisher ="Kluwer Academic Publishers",
    year = "1993"}

@inproceedings{ dill92protocol,
    author = "David L. Dill and Andreas J. Drexler and Alan J. Hu and C. Han Yang",
    title = "Protocol Verification as a Hardware Design Aid",
    booktitle = "International Conference on Computer Design",
    year = "1992",
    url = "citeseer.ist.psu.edu/dill92protocol.html" }

@inproceedings{ heil96selective,
  author = "T. Heil and J. Smith",
  title = "Selective dual path execution",
  booktitle = "Technical report, University of Wisconsin - Madison",
  year = "1996",
  url = "citeseer.ist.psu.edu/heil96selective.html" }




@inproceedings{ wallace99instruction,
    author = "Steven Wallace and Dean M. Tullsen and Brad Calder",
    title = "Instruction Recycling on a Multiple-Path Processor",
    booktitle = "{HPCA}",
    year = "1999",
    url = "citeseer.ist.psu.edu/wallace99instruction.html" }

@inproceedings{ ahuja98multipath,
    author = "Pritpal S. Ahuja and Kevin Skadron and Margaret Martonosi and Douglas W. Clark",
    title = "Multipath Execution: Opportunities and Limits",
    booktitle = "ICS",
    year = "1998",
    url = "citeseer.ist.psu.edu/ahuja98multipath.html" }

@inproceedings{ mahlke95isca,
     author = "Scott A. Mahlke and Richard E. Hank and James E. McCormick and David I. August and {Wen-mei} W. Hwu",
    title = "A Comparison of Full and Partial Predicated Execution Support for {ILP} Processors",
    booktitle = "ISCA",
    year = 1995
 }

@inproceedings{ hsuISCA86,
     author = "P. T. Hsu and E. Davidson",
    title = "Highly concurrent scalar processing",
    booktitle = "ISCA",
    year = 1986
 }

@inproceedings{   AustinCov03,
  author        = "E. Larson and T. Austin",
  title         = " High Coverage Detection of Input-Related Security Faults",
  booktitle     = "USENIX Security Symposium",
  year          = 2003
}

@Article{ larus04,
 author		= "James Larus",
 title		= "Building Dependable Software (Keynote Speech)",
 journal		= "ASPLOS",
 year		= 2004
}

@inproceedings{   gatechicse04,
  author        = "Tankut Akgul and Vincent J. Mooney III and Santosh Pande",
  title         = "A fast assembly level reverse execution method via dynamic slicing",
  booktitle     = "ICSE",
  year          = 2004,
  url           = "http://csdl.computer.org/comp/proceedings/icse/2004/2163/00/21630522abs.htm"
}

@inproceedings{ experiments,
  author = "Monica Hutchines and Herb Foster and Tarak Goradia and Thomas Ostrand",
  title = "Experiments of the effectiveness of dataflow- and controlflow-based
    test adequacy criteria",
  booktitle = "ICSE",
  year	= "1994",
  url = "http://portal.acm.org/citation.cfm?id=257766" }

@article{ rothermel98empirical,
    author = "Gregg Rothermel and Mary Jean Harrold",
    title = "Empirical Studies of a Safe Regression Test Selection Technique",
    journal = "Software Engineering",
    volume = "24",
    number = "6",
    pages = "401-419",
    year = "1998",
    url = "citeseer.ist.psu.edu/article/rothermel98empirical.html" }

@Misc{siemensbench,
  author        = "Mary Jean Harrold and Gregg Rothermel",
  title  = "{Siemens Programs, HR Variants}",
  howpublished  = {URL: http://www.cc.gatech.edu/aristotle/Tools/subjects/} }

@inproceedings{DIVA99,
 author = {Todd M. Austin},
 title = {{DIVA}: a reliable substrate for deep submicron microarchitecture design},
 booktitle = {MICRO},
 year = {1999},
 }

@inproceedings{CalderMicro04,
  author = "Nathan Tuck and Brad Calder and George Varghese",
  title  = "Hardware and Binary Modification Support for Code Pointer Protection From Buffer Overflow",
  booktitle = "MICRO",
  year = "2004"
}

@inproceedings{cherry,
   author = {Jos\&\#233; F. Mart\&\#237;nez and Jose Renau and Michael C. Huang and Milos Prvulovic and Josep Torrellas},
    title = {Cherry: checkpointed early resource recycling in out-of-order microprocessors},
     booktitle = {MICRO},
      year = {2002},
}

@article{cmptls,
   author = {Jos\&\#233; F. Mart\&\#237;nez and Josep Torrellas},
    title = {Speculative synchronization: applying thread-level speculation to explicitly parallel applications},
     journal = {SIGPLAN Not.},
      volume = {37},
       number = {10},
        year = {2002},
	 issn = {0362-1340},
	  pages = {18--29},
	   doi = {http://doi.acm.org/10.1145/605432.605400},
	    publisher = {ACM Press},
	     address = {New York, NY, USA},
	      }

@inproceedings{affine,
   author = {Sumit Gulwani and George C. Necula},
    title = {Discovering affine equalities using random interpretation},
     booktitle = {POPL},
      year = {2003},
	  doi = {http://doi.acm.org/10.1145/604131.604138},
    }

@inproceedings{trishulasplos,
   author = {Matthias Hauswirth and Trishul M. Chilimbi},
    title = {Low-overhead memory leak detection using adaptive statistical profiling},
     booktitle = {ASPLOS},
      year = {2004},
	  doi = {http://doi.acm.org/10.1145/1024393.1024412},
	     }

@inproceedings{SVD,
  author    = {Min Xu and
               Rastislav Bod\'{\i}k and
               Mark D. Hill},
  title     = {A serializability violation detector for shared-memory server
	               programs.},
  booktitle = {PLDI},
  year      = {2005},
}

@inproceedings{therac25,
  author 	="Nancy Leveson and Clark S. Turner",
  title		="An Investigation of the Therac-25 Accidents",
  booktitle     = {IEEE Computer},
  year	     	= {1993}
}

@misc{blackout,
  title		= "Software Bug Contributed to Blackout",
  author	= {SecurityFocus},
  howpublished= "http://www.securityfocus.com/news/8016"
}


@misc{mozilla:severity,
  title = "A Bug's Life Cycle",
  author = {Bugzilla@Mozilla},
  howpublished = "https://bugzilla.mozilla.org/page.cgi?id=fields.html\#severity"
}

@misc{apache:severity,
  title="How important is the bug?",
  author ="{Apache Bugzilla}",
  howpublished="http://issues.apache.org/bugwritinghelp.html"
}

@misc{mozilla123930,
  title="Bug 123930 (Deadlock)",
  author = "{Mozilla Developers}",
  howpublished="https://bugzilla.mozilla.org/show\_bug.cgi?id=123930",
  note="Let them eat races"
}

@misc{apache45396,
  title = "Bug 45396: There is no hint in the Javadocs",
  author = "{Stefan Bodewig}",
  howpublished="https://issues.apache.org/ bugzilla/show\_bug.cgi?id=45396\#c4"
}
@misc{40pertesting,
  title 	= "Testers spend too much time testing",
  author	= {SDTimes},
  howpublished="http://www.sdtimes.com/SearchResult/31134"
}

@misc{CERT,
  title = "CERT advisories",
  author = "CERT",
  howpublished	="http://www.cert.org/advisories/"
}
@inproceedings{typerace00,
   author = {Cormac Flanagan and Stephen N. Freund},
   title = {Type-based race detection for Java},
   booktitle = {PLDI},
   year = {2000},
}

@inproceedings{typeatomic03,
   author = {Cormac Flanagan and Shaz Qadeer},
   title = {A type and effect system for atomicity},
   booktitle = {PLDI},
   year = {2003},
}

@inproceedings{atomizer04,
   author = {Cormac Flanagan and Stephen N Freund},
   title = {Atomizer: a dynamic atomicity checker for multithreaded programs},
   booktitle = {POPL}, 
   year = {2004}
}

@inproceedings{wang05nonblocking,
  author="Liqiang Wang and Scott D. Stoller",
  title="Static Analysis for Programs with Non-Blocking Synchronization",
  booktitle="PPoPP",
  year=2005
}

@inproceedings{sasturkar05automated,
  author="Amit Sasturkar and Rahul Agarwal and Liqiang Wang and Scott D. Stoller",
  title="Automated Type-Based Analysis of Data Races and Atomicity",
  booktitle="PPoPP",
  year=2005
}

@inproceedings{hybridchoi03,
   author = {Robert O'Callahan and Jong-Deok Choi},
   title = {Hybrid dynamic data race detection},
   booktitle = {PPoPP},
   year = {2003}
}

@inproceedings{objectrace01,
   author = {Christoph von Praun and Thomas R. Gross},
    title = {Object race detection},
    booktitle = {OOPSLA},
   year = {2001}
}
@inproceedings{praun03static,
    author= {Christoph von Praun and Thomas R. Gross},
    title = {Static conflict analysis for multi-threaded objectoriented programs},
    booktitle ={PLDI},
    year = {2003}
}
@inproceedings{raceosdi96,
   author = {Dejan Perkovic and Peter J. Keleher},
   title = {Online data-race detection via coherency guarantees},
   booktitle = {OSDI},
   year = {1996}
}
@inproceedings{jimlarus98,
   author = {Brad Richards and James R. Larus},
    title = {Protocol-based data-race detection},
     booktitle = {SPDT},
     year = {1998}
}
@inproceedings{dinning90,
   author = {A. Dinning and E. Schonberg},
   title = {An empirical comparison of monitoring algorithms for access anomaly detection},
   booktitle = {PPoPP},
   year = {1990}
}

@inproceedings{efficientppopp03,
   author = {Eli Pozniansky and Assaf Schuster},
   title = {Efficient on-the-fly data race detection in multithreaded {C++} programs},
   booktitle = {PPoPP},
   year = {2003}
}

@inproceedings{saritaisca91,
    author = {Sarita V. Adve and Mark D. Hill and Barton P. Miller and Robert H. B. Netzer},
    title = {Detecting data races on weak memory systems},
    booktitle = {ISCA},
    year = {1991}
}

@inproceedings{racecontextpldi04,
   author = {Thomas A. Henzinger and Ranjit Jhala and Rupak Majumdar},
   title = {Race checking by context inference},
   booktitle = {PLDI},
   year = {2004}
}
@inproceedings{boyapati02ownership,
  author = "C. Boyapati and R. Lee and M. Rinard",
  title = "Ownership types for safe programming: Preventing data races and deadlocks",
  booktitle = {OOPSLA},
  year={2002}
}
@inproceedings{transactionMemoryISCA04,
  author	= "Lance Hammond and Vicky Wong and Mike Chen and Brian D. Carlstrom and John D. Davis and Ben Hertzberg and Manohar K. Prabhu and Honggo Wijaya and Christos Kozyrakis and Kunle Olukotun",
  title		= "Transactional Memory Coherence and Consistency",
  booktitle	= "ISCA",
  year		= "2004",
}
@inproceedings{transactionMemoryHPCA05,
  author	= "C. Scott Ananian and Krste Asanovic and Bradley C. Kuszmaul and Charles E. Leiserson and Sean Lie",
  title		= "Unbounded Transactional Memory",
  booktitle	= "HPCA",
  year		= "2005",
} 
@inproceedings{invarianticse02,
   author = {Xianghua Deng and Matthew B. Dwyer and John Hatcliff and Masaaki Mizuno},
   title = {Invariant-based specification, synthesis, and verification of synchronization in concurrent programs},
   booktitle = {ICSE},	     
   year = {2002}
}
@inproceedings{ staleburrows02,
  author = "Michael Burrows and K. Rustan M. Leino",
  title = "Finding stale-value errors in concurrent programs",
  booktitle = "Compaq SRC Technical Note 2002-04",
    year = "2002"
}
@inproceedings{safemem05,
   author = {Feng Qin and Shan Lu and Yuanyuan Zhou},
   title = {SafeMem: Exploiting ECC-Memory for Detecting Memory Leaks and Memory Corruption During Production Runs},
   booktitle = {HPCA},	    
   year={2005}
}
@inproceedings{bugnet05,
   author = {Satish Narayanasamy and Gilles Pokam and Brad Calder},
   title = {BugNet: Continuously Recording Program Execution for Deterministic Replay Debugging},
   booktitle ={ISCA},
   year={2005}
}
@inproceedings{liblit03,
    author =	 {Ben Liblit and Alex Aiken and Alice X. Zheng and
                        Michael I. Jordan},
    title =	 {Bug Isolation via Remote Program Sampling},
    booktitle =	 {PLDI},
    year = {2003}
}
@inproceedings{liblit05,
 author = {Liblit, Ben and Naik, Mayur and Zheng, Alice X. and Aiken, Alex and Jordan, Michael I.},
 title = {Scalable statistical bug isolation},
 booktitle = {PLDI},
 year = {2005},
 
} 

@inproceedings{netzer91,
  author = {Robert H. B. Netzer and Barton P. Miller},
  title = {Improving the accuracy of data race detection},
  booktitle = {PPoPP},
  year = {1991}
}
@inproceedings{choicache91,
  author = "Sang L. Min and Jong-Deok Choi",
  title = {An efficient cache-based access anomaly detection scheme},
  booktitle = {ASPLOS},
  year = {1991}
}
@misc{99sequential,
  author = "Mark Hill",
  title = "Future Computer Advances are Between a Rock (Slow Memory) and a Hard Place (Multithreading)",
  howpublished = "The National Academies's Computer Science and Telecommunications Board (CSTB) Meeting, October 2004."
}
@inproceedings{pin,
 author = {Chi-Keung Luk and Robert Cohn and Robert Muth and Harish Patil and Artur Klauser and Geoff Lowney and Steven Wallace and Vijay Janapa Reddi and Kim Hazelwood},
 title = {Pin: building customized program analysis tools with dynamic instrumentation},
 booktitle = {PLDI},
 year  = {2005},
}
@article{simflex,
 author = {Nikolaos Hardavellas and Stephen Somogyi and Thomas F. Wenisch and Roland E. Wunderlich and Shelley Chen and Jangwoo Kim and Babak Falsafi and James C. Hoe and Andreas G. Nowatzyk},
  title = {SimFlex: a fast, accurate, flexible full-system simulation framework for performance evaluation of server architecture},
   journal = {SIGMETRICS Perform. Eval. Rev.},
    volume = {31},
     number = {4},
      year = {2004}
	    }

@inproceedings{piranha,
 author = {Luiz Andr\&\#233; Barroso and Kourosh Gharachorloo and Robert McNamara and Andreas Nowatzyk and Shaz Qadeer and Barton Sano and Scott Smith and Robert Stets and Ben Verghese},
  title = {Piranha: a scalable architecture based on single-chip multiprocessing},
   booktitle = {ISCA},
   year = "2000",
	   }
@inproceedings {diota,
 author= {Michiel Ronsse and Jonas Maebe and Koen De Bosschere},
 title= {Detecting Data Races in Sequential Programs with DIOTA},
 booktitle= {Euro-Par},
 year= {2004}
}
@inproceedings{ eggers99,
  author = "Jonathan Aldrich and Craig Chambers and Emin Gun Sirer and Susan J. Eggers",
  title = "Static Analyses for Eliminating Unnecessary Synchronization from Java Programs",
  booktitle = "SAS",
  year = "1999"}

@inproceedings{atomicset,
  author = {Mandana Vaziri and Frank Tip and Julian Dolby},
  title = {Associating synchronization constraints with data in an object-oriented language},
  booktitle = {POPL},
  year = {2006}
}

@inproceedings{harrisfraser:stm,
  author = {Tim Harris and Keir Fraser},
  title = {Language support for lightweight transactions},
  booktitle = {OOPSLA},
  year = {2003}
}

@inproceedings{tranmem93,
  author = {Maurice Herlihy and J. Eliot B. Moss},
  title = {Transactional memory: architectural support for lock-free data structures},
  booktitle = {ISCA},
  year = {1993}
}

@inproceedings{PRMiner05,
  author    = {Zhenmin Li and Yuanyuan Zhou},
  title     = {{PR-Miner}: Automatically Extracting Implicit Programming Rules and Detecting Violations in Large Software Code},
  booktitle = {FSE},
  month    = {Sept},
  year      = {2005}
}
@InProceedings{   CPMiner04,
  author        = "Zhenmin Li and Shan Lu and Suvda Myagmar and Yuanyuan
                  Zhou",
  title         = "{CP-Miner: A Tool for Finding Copy-paste and Related Bugs
                  in Operating System Code}",
  booktitle     = "OSDI",
  year          = 2004
}

@inproceedings{FpClose,
  author = {G\"{o}sta Grahne and Jianfei Zhu},
  title = {Efficiently Using Prefix-trees in Mining Frequent Itemsets},
  booktitle = {Proceeding of the First IEEE ICDM Workshop on Frequent Itemset Mining Implementations (FIMI'03)},
  location = {Melbourne, FL},
  month = {Nov},
  year = {2003}
}

@inproceedings{ xu06taint,
  author = "Wei Xu and Sandeep Bhatkar and R. Sekar",
  title = "Taint-Enhanced Policy Enforcement: A Practical Approach to Defeat a Wide Range of Attacks",
  booktitle = "USENIX Security Symposium",
  year = 2006
}


@InProceedings{ kremenek06inferring,
  author  = "Ted Kremenek and Paul Twohey and Godmar Back and Andrew Ng and Dawson Engler",
  title   = "From Uncertainty to Belief: Inferring the Specification Within",
  booktitle = "OSDI",
  month   = {Nov},
  year    = "2006"
}

@inproceedings{ammons02mining,
  author = {Glenn Ammons and Rastislav Bod\'{\i}k and James R. Larus},
  title = {Mining specifications},
  booktitle = {POPL},
  year = {2002}
}

@article{ammons03debugging,
  author = {Glenn Ammons and David Mandelin and Rastislav Bod\'{\i}k and James R. Larus},
  title = {Debugging temporal specifications with concept analysis},
  journal = {SIGPLAN Not.},
  volume = {38},
  number = {5},
  year = {2003},
  issn = {0362-1340},
  pages = {182--195},
  doi = {http://doi.acm.org/10.1145/780822.781152},
  publisher = {ACM Press},
  address = {New York, NY, USA},
}

@inproceedings{alur05synthesis,
  author = {Rajeev Alur and Pavol Cerny and P. Madhusudan and Wonhong Nam},
  title = {Synthesis of interface specifications for Java classes},
  booktitle = {POPL},
  year = {2005}
}

@inproceedings{kremenek07factor,
  author    = {Ted Kremenek and Andrew Y. Ng and Dawson R. Engler},
  title     = {A Factor Graph Model for Software Bug Finding.},
  booktitle = {IJCAI 2007, Proceedings of the 20th International Joint Conference on Artificial Intelligence},
  year      = {2007},
  pages     = {2510--2516},
  ee        = {http://www.ijcai.org/papers07/Papers/IJCAI07-404.pdf},
  bibsource = {DBLP, http://dblp.uni-trier.de}
}

@inproceedings{livshits05dynamine,
  title = "DynaMine: Finding Common Error Patterns by Mining Software Revision Histories",
  author = "V. Benjamin Livshits and Thomas Zimmermann",
  year = "2005",
  booktitle = "FSE",
}

@inproceedings{yang06perracotta,
  author = {Jinlin Yang and David Evans and Deepali Bhardwaj and Thirumalesh Bhat and Manuvir Das},
  title = {Perracotta: mining temporal {API} rules from imperfect traces},
  booktitle = {ICSE},
  year = {2006}
}

@article{whaley02automatic_long,
  author = {John Whaley and Michael C. Martin and Monica S. Lam},
  title = {Automatic extraction of object-oriented component interfaces},
  journal = {SIGSOFT Softw. Eng. Notes},
  volume = {27},
  number = {4},
  year = {2002},
  issn = {0163-5948},
  pages = {218--228},
  doi = {http://doi.acm.org/10.1145/566171.566212},
  publisher = {ACM Press},
  address = {New York, NY, USA},
}
@inproceedings{whaley02automatic,
  author = {John Whaley and Michael C. Martin and Monica S. Lam},
  title = {Automatic extraction of object-oriented component interfaces},
  booktitle= {ISSTA},
  year = {2002}
}

@inproceedings{kiss:pldi04,
  author = {Shaz Qadeer and Dinghao Wu},
  title = {KISS: keep it simple and sequential},
  booktitle = {PLDI},
  year = {2004}
}
@inproceedings{alex:pldi06,
  author = {Mayur Naik and Alex Aiken and John Whaley},
  title = {Effective static race detection for Java},
  booktitle = {PLDI},
  year = {2006}
}
@inproceedings{verisoft,
  author = {Patrice Godefroid},
  title = {Model checking for programming languages using VeriSoft},
  booktitle = {POPL},
  year = {1997}
}
@inproceedings{bellasplos06,
  author = {Michael D. Bond and Kathryn S. McKinley},
  title = {Bell: bit-encoding online memory leak detection},
  booktitle = {ASPLOS-XII: Proceedings of the 12th international conference on Architectural support for programming languages and operating systems},
  year = {2006},
  pages = {61--72}
}
@inproceedings{trishulasplos04,
  author = {Matthias Hauswirth and Trishul M. Chilimbi},
  title = {Low-overhead memory leak detection using adaptive statistical profiling},
  booktitle = {ASPLOS-XI: Proceedings of the 11th international conference on Architectural support for programming languages and operating systems},
  year = {2004},
  pages = {156--164}
}
@inproceedings{dasicse06,
  author    = {Brian Hackett and
    Manuvir Das and
      Daniel Wang and
      Zhe Yang},
  title     = {Modular checking for buffer overflows in the large.},
  booktitle = {ICSE},
  year      = {2006},
  pages     = {232-241}
}


@inproceedings{tompldi04,
  author = {Thomas A. Henzinger and Ranjit Jhala and Rupak Majumdar},
  title = {Race checking by context inference},
  booktitle = {PLDI '04},
  year = {2004}
}

@inproceedings{autolockerPoPL06,
  author = {Bill McCloskey and Feng Zhou and David Gay and Eric Brewer},
  title = {Autolocker: synchronization inference for atomic sections},
  booktitle = {POPL},
  year = {2006}
}
@inproceedings{ttvm,
  author = {Samuel T. King and George W. Dunlap and Peter M. Chen},
  title = {Operating Systems with Time-traveling Virtual Machines},
  booktitle = {Usenix Annual Technical Conference},
  year= {2005}
}
@misc{edg,
  title		= "{EDG C/C++} Front End",
  author	= {Edison Design Group},
  howpublished  = "http://www.edg.com"
}
@inproceedings{harris:pldi06,
  author = {Tim Harris and Mark Plesko and Avraham Shinnar and David Tarditi},
  title = {Optimizing memory transactions},
  booktitle = {PLDI},
  year = {2006}
}
@book{larus:tmbook:mcp:2006,
  author	= {Larus, James R. and Rajwar, Ravi},
  title		= {Transactional Memory},
  year		= {2006},
  publisher	= {Morgan \& Claypool},
}
@inproceedings{aguilera03,
  author = {Marcos K. Aguilera and Jeffrey C. Mogul and Janet L. Wiener and Patrick Reynolds and Athicha Muthitacharoen},  
  title = {Performance debugging for distributed systems of black boxes},  
  booktitle = {SOSP},  
  year = {2003}
}
@inproceedings{perlosdi96,
  author    = {Sharon E. Perl and
    Richard L. Sites},
  title     = {Studies of Windows NT Performance Using Dynamic Execution
    Traces.},
  booktitle = {OSDI},
  year      = {1996}
}
@inproceedings{dukedeadlock05,
  author = {Tong Li and Carla Ellis and Alvin Lebeck and Dan Sorin}, 
  title = {On-Demand and Semantic-Free Dynamic Deadlock Detection with Speculative Execution},
  booktitle={USENIX ATC},
  year={2005}
}
@article{ sabelfeld03languagebased,
  author = "A. Sabelfeld and A. Myers",
  title = "Language-Based Information-Flow Security",
  journal= "IEEE Journal on Selected Areas in Communications",
  year = "2003"
}

@Misc{		  dinning1991,
  author	= "Anne Dinning and Edith Schonberg",
  title		= "Detecting access anomalies in programs with critical sections",
  howpublished	= "In ACM/ONR Workshop on Parallel and Distributed Debugging (AOWPDD)",
  year		= 1991
}

@misc{ artho03highlevel,
  author = "Cyrille Artho and Klaus Havelund and Armin Bierre",
  title = "High-Level Data Races",
  howpublished = "The First International Workshop on Verification and 
    Validation of Enterprise
    Information Systems",
  year = "2003"
}

@inproceedings{pathexpander.micro06,
  author = "Shan Lu and Pin Zhou and Wei Liu and Yuanyuan Zhou and
    Josep Torrellas",
  title  = "PathExpander: Architectural Support for Increasing the
    Path Coverage of Dynamic Bug Detection",
  booktitle = "The 39th Annual IEEE/ACM International
    Symposium on Microarchitecture (MICRO06)",
  month  = "December",
  year   = "2006",
}


@inproceedings{avio.asplos06,
  author = {Shan Lu and Joseph Tucek and Feng Qin and Yuanyuan Zhou},
  title = {{AVIO}: detecting atomicity violations via access interleaving invariants},
  booktitle = {ASPLOS},
  year = {2006}
}

@article{avio.micro07,
  author = {Shan Lu and Joseph Tucek and Feng Qin and Yuanyuan Zhou},
  title = {{AVIO}: Detecting Atomicity Violations via Access-Interleaving Invariants},
  journal= {The {IEEE Micro} Special Issue on  Top Picks from Computer 
    	Architecture Conferences},
  month = "October",
  year = "2007"
}

@inproceedings{muvi.sosp07,
  author = {Shan Lu and Soyeon Park and Chongfeng Hu and Xiao Ma and Weihang Jiang
    and Zhenmin Li and Raluca A. Popa and Yuanyuan Zhou},
  title = {{MUVI}: Automatically Inferring Multi-Variable Access Correlations 
    and Detecting Related Semantic and Concurrency Bugs},
  booktitle = "SOSP",
  month  = "October",
  year   = "2007"
}

@inproceedings{criteria.fse07,
  author = {Shan Lu and Weihang Jiang and Yuanyuan Zhou},
  title = {A study of interleaving coverage criteria},
  booktitle = "FSE",
  year = "2007"
}

@inproceedings{characteristics.asplos08,
  author = {Shan Lu and Soyeon Park and Eunsoo Seo and Yuanyuan Zhou},
  title = {Learning from mistakes -- A comprehensive study of real world concurrency bug
    characteristics},
  booktitle = "ASPLOS",
  year = "2008"
}

@inproceedings{locksmithpldi06,
  author = {Polyvios Pratikakis and Jeffrey S. Foster and Michael Hicks},
  title = {LOCKSMITH: context-sensitive correlation analysis for race detection},
  booktitle = {PLDI '06: Proceedings of the 2006 ACM SIGPLAN conference on Programming language design and implementation},
  year = {2006},
  isbn = {1-59593-320-4},
  pages = {320--331},
  location = {Ottawa, Ontario, Canada},
  doi = {http://doi.acm.org/10.1145/1133981.1134019},
  publisher = {ACM},
  address = {New York, NY, USA},
}

@inproceedings{henzingerpldi04,
  author = {Thomas A. Henzinger and Ranjit Jhala and Rupak Majumdar},
  title = {Race checking by context inference},
  booktitle = {PLDI '04: Proceedings of the ACM SIGPLAN 2004 conference on Programming language design and implementation},
  year = {2004},
  isbn = {1-58113-807-5},
  pages = {1--13},
  location = {Washington DC, USA},
  doi = {http://doi.acm.org/10.1145/996841.996844},
  publisher = {ACM},
  address = {New York, NY, USA},
}

@inproceedings{madanpldi07,
  author = {Madanlal Musuvathi and Shaz Qadeer},
  title = {Iterative context bounding for systematic testing of multithreaded programs},
  booktitle = {PLDI '07: Proceedings of the 2007 ACM SIGPLAN conference on Programming language design and implementation},
  year = {2007},
  isbn = {978-1-59593-633-2},
  pages = {446--455},
  location = {San Diego, California, USA},
  doi = {http://doi.acm.org/10.1145/1250734.1250785},
  publisher = {ACM},
  address = {New York, NY, USA},
}

@inproceedings{verisoftpopl97,
  author    = {Patrice Godefroid},
  title     = {Model Checking for Programming Languages using Verisoft},
  booktitle = {POPL},
  year      = {1997},
  pages     = {174-186}
}

@inproceedings{chou01empirical,
  author    = {Andy Chou and
    Junfeng Yang and
      Benjamin Chelf and
      Seth Hallem and
      Dawson R. Engler},
  title     = {An Empirical Study of Operating System Errors},
  booktitle = {SOSP},
  year      = {2001},
  pages     = {73-88},
  ee        = {http://doi.acm.org/10.1145/502034.502042},
  bibsource = {DBLP, http://dblp.uni-trier.de}
}

@inproceedings{ sullivan92comparison,
  author = {Mark Sullivan and Ram Chillarege},
  title  = {A Comparison of Software Defects in Database Management Systems and Operating Systems},
  booktitle      = {FTCS},
  booktitlef     = {FTCS '92: 22nd Annual International Symposium on Fault-Tolerant Computing},
  year   = {1992}
}

@article{ostrand05predicting,
  author    = {Thomas Ostrand and
               Elaine Weyuker and
               Robert Bell},
  title     = {Predicting the Location and Number of Faults in Large Software
               Systems.},
  journal   = {TSE},
  year      = {2005}
}

@inproceedings{chandra00whither,
 author = {Subhachandra Chandra and Peter M. Chen},
 title = {Whither Generic Recovery from Application Faults? A Fault Study using Open-Source Software}, 
 booktitle = {DSN},
 year = {2000}
}

@inproceedings{asid,
  author = {{Z. Li et. al.}},
  title = {Have Things Changed Now? --
    An Empirical Study of Bug Characteristics in Modern Open Source Software},
  booktitle = {ASID workshop in ASPLOS},
  year = {2006}
}

@inproceedings{ur:bugpattern,
  author ={Eitan Farchi and Yarden Nir and Shmuel Ur},
  title = {Concurrent Bug Patterns and How to Test Them},
  booktitle={IPDPS},
  year={2003}
}

@article{taylor92,
  author = "Richard N. Taylor and David L. Levine and Cheryl D. Kelly",
  title = "Structural Testing of Concurrent Programs",
  journal = "IEEE Trans. Softw. Eng.",
  year = {1992}
}

@InProceedings{	  harrold.malloy:data,
  author	= {Mary Jean Harrold and Brian A. Malloy},
  title		= {Data Flow Testing of Parallelized Code},
  booktitle	= {Proceedings of the  International Conference on Software
    Maintenance},
  year		= {1992}
}

@inproceedings{tai96,
   author = {Pramod V. Koppol and Kuo-Chung Tai},
    title = {An incremental approach to structural testing of concurrent software},
     booktitle = {ISSTA},
      year = {1996}
}

@inproceedings{Ur:ppopp05,
  author = {Arkady Bron and Eitan Farchi and Yonit Magid and Yarden Nir and Shmuel Ur},
  title = {Applications of synchronization coverage},
  booktitle = {PPoPP},
  year = {2005}
}
@article{contest,
  author    = {Orit Edelstein and
    Eitan Farchi and
      Yarden Nir and
      Gil Ratsaby and
      Shmuel Ur},
  title     = {Multi-threaded Java program test generation.},
  journal   = {IBM Systems Journal},
  year      = {2002}
}

@inproceedings{harris:pldi06,
  author = {Tim Harris and Mark Plesko and Avraham Shinnar and David Tarditi},
  title = {Optimizing memory transactions},
  booktitle = {PLDI},
  year = {2006}
}
@inproceedings{moir:transactions:1997,
  author	= {Moir, Mark},
  title		= {Transparent Support for Wait-Free Transactions},
  booktitle	= {11th International Workshop on Distributed Algorithms},
  year		= {1997}
}
@inproceedings{logtm,
  author	= {Moore, Kevin E. and Bobba, Jayaram and Moravan, Michelle J. and Hill, Mark D. and Wood, David A.},
  title		= {LogTM: Log-based Transactional Memory},
  booktitle	= {HPCA},
  year		= {2006}
}
@article{nestedtm:elio:2006,
  author = {J. Eliot B. Moss and Antony L. Hosking},
  title = {Nested transactional memory: model and architecture sketches},
  journal = {Sci. Comput. Program.},
  year = {2006}
}
@inproceedings{Adl-TabatabaiKS07,
  author    = {Ali-Reza Adl-Tabatabai and
    Christos Kozyrakis and
      Bratin Saha},
  title     = {Transactional programming in a multi-core environment.},
  booktitle = {PPOPP},
  year      = {2007}
}
@inproceedings{lwtx:harris03,
  author = {Tim Harris and Keir Fraser},
  title = {Language support for lightweight transactions},
  booktitle = {OOPSLA},
  year = {2003}
}
@inproceedings{hardhpca07,
  author = {Pin Zhou and Radu Teodorescu and Yuanyuan Zhou},
  title = {HARD: Hardware-Assisted Lockset-based Race Detection},
  booktitle = {HPCA},
  year = {2007}
}
@inproceedings{weiss88,
  title = {A formal framework for the study of concurrent program testing},
  author = {Stewart N. Weiss},
  booktitle={Proceedings of the Second Workshop on Software Testing, Verification and Analysis},
  year = {1988}
}

@inproceedings{defuse98,
    author = {Cheer-Sun D. Yang and Amie L. Souter and Lori L. Pollock},
    title = {All-du-path coverage for parallel programs},
    booktitle = {ISSTA},
    year = {1998}
}

@article{dataflowfam88,
  author = {P. G. Frankl and E. J. Weyuker},
  title = {An Applicable Family of Data Flow Testing Criteria},
  journal = {IEEE Trans. Softw. Eng.},
  year = {1988}
}
@article{moreexp93,
  author = {E. J. Weyuker},
  title = {More Experience with Data Flow Testing},
  journal = {IEEE Trans. Softw. Eng.},
  volume = {19},
  number = {9},
  year = {1993},
  pages = {912--919}
}

@inproceedings{choiissta02,
  author = {Jong-Deok Choi and Andreas Zeller},
  title = {Isolating failure-inducing thread schedules},
  booktitle = {ISSTA},
  year = {2002}
}

@inproceedings{zhangissta07,
  author = {Sriraman Tallam and Chen Tian and Rajiv Gupta and Xiangyu Zhang},
  title = {Enabling tracing Of long-running multithreaded programs via dynamic execution reduction},
  booktitle = {ISSTA},
  year = {2007}
}

@inproceedings{minasplos06,
  author    = {Min Xu and
    Mark D. Hill and
      Rastislav Bod\'{\i}k},
  title     = {A regulated transitive reduction (RTR) for longer memory
    race recording},
  booktitle = {ASPLOS},
  year      = {2006}
}

@inproceedings{satishasplos06,
  author    = {Satish Narayanasamy and
    Cristiano Pereira and
      Brad Calder},
  title     = {Recording shared memory dependencies using strata},
  booktitle = {ASPLOS},
  year      = {2006}
}

@inproceedings{jcute,
  author = {Koushik Sen and Gul Agha},
  title = {Automated Systematic Testing of Open Distributed Programs},
  booktitle = {FSE},
  year =  2006
}

@article{defuse03,
  author = {Cheer-Sun D. Yang and Lori L. Pollock},
  title = {All-Uses Testing of Shared Memory Parallel Programs},
  journal = {Software Testing, Verification, and Reliability Journal},
  year = {2003}
}
@inproceedings{goodman,
  author = {John B. Goodenough and Susan L. Gerhart},
  title = {Toward a theory of test data selection},
  booktitle = {Proceedings of the international conference on Reliable software},
  year = {1975},
  pages = {493--510}
}
@article{zhu:testsurv,
  author = {Hong Zhu and Patrick A. V. Hall and John H. R. May},
  title = {Software unit test coverage and adequacy},
  journal = {ACM Comput. Surv.},
  year = {1997}
}
@article{budda82,
  author    = {Timothy A. Budd and
    Dana Angluin},
  title     = {Two Notions of Correctness and Their Relation to Testing.},
  journal   = {Acta Inf.},
  volume    = {18},
  year      = {1982},
  pages     = {31-45}
}

@misc{2010intel,
  title		= "Intel Threading Building Blocks ",
  author	= {Intel},
  howpublished  = "http://www.intel.com/software/products/flash/tbb"
}

@article{tse:ClarkePRZ89,
  author    = {Lori A. Clarke and
    Andy Podgurski and
      Debra J. Richardson and
      Steven J. Zeil},
  title     = {A Formal Evaluation of Data Flow Path Selection Criteria.},
  journal   = {IEEE Trans. Software Eng.},
  volume    = {15},
  number    = {11},
  year      = {1989},
  pages     = {1318-1332}
}

@inproceedings{ordercov:iccsse96,
  author = {M. Factor and E. Farchi and Y. Lichtenstein and Y. Malka},
  title = {Testing concurrent programs: a formal evaluation of coverage criteria},
  booktitle = {ICCSSE},
  year = {1996}
}

@misc{ibmstatic,
  title="Static Detection of Atomic-Set Serializability Violations", 
  author="Nicholas A. Kidd and Thomas W. Reps and Julian Dolby and Mandana Vaziri", 
  howpublished="Tech. Report TR-1623 , Computer Sciences Dept., Univ. of Wisconsin",
    year="2007"
}

@inproceedings{koushik:fse08,
  author = {Chang-Seo Park and Koushik Sen},
  title={Randomized Active Atomicity Violation Detection in Concurrent Programs},
  booktitle = {FSE},
  year = {2008}
}

@inproceedings{luis:isca08,
  author = {Brandon Lucia and Joseph Devietti and Karin Strauss and Luis Ceze},
  title = {Atom-Aid: Detecting and Surviving Atomicity Violations},
  booktitle = {ISCA},
  year = {2008}
}

@inproceedings{hammer:icse08,
  author    = {Christian Hammer and
    Julian Dolby and
      Mandana Vaziri and
      Frank Tip},
  title     = {Dynamic detection of atomic-set-serializability violations},
  booktitle = {ICSE},
  year      = {2008}
}

@inproceedings{koushik:pldi08,
  author    = {Koushik Sen},
  title     = {Race directed random testing of concurrent programs},
  booktitle = {PLDI},
  year      = {2008}
}

@inproceedings{surge98,
  author = {Paul Barford and Mark Crovella},
  title = {Generating representative Web Workloads for network and server performance 
    evaluation},
  booktitle = "ACM SIGMETRICS",
  month="June",
  year = "1998"
}

@inproceedings{rx,
  author = "Feng Qin and Joseph Tucek and Jagadeesan Sundaresan and Yuanyuan Zhou",
  title = "Rx: Treating Bugs as Allergies C A Safe Method to Survive Software Failures",
  booktitle = "SOSP", 
  year = "2005"
}

@inproceedings{harris:ppopp05,
  author = {Tim Harris and Simon Marlow and Simon Peyton-Jones and Maurice Herlihy},
  title = {Composable memory transactions},
  booktitle = {PPoPP '05},
  year = {2005}
}

@inproceedings{carlstrom:pldi06,
  author = {Brian D. Carlstrom and Austen McDonald and Hassan Chafi and JaeWoong Chung and Chi Cao Minh and Christos Kozyrakis and Kunle Olukotun},
  title = {The Atomos transactional programming language},
  booktitle = {PLDI '06},
  year = {2006}
}

@inproceedings{cav:madhu06,
  author    = {Azadeh Farzan and
    P. Madhusudan},
  title     = {Causal Atomicity},
  booktitle = {CAV},
  year      = {2006}
}

@inproceedings{sharc,
  author = {Zachary Anderson and David Gay and Rob Ennals and Eric Brewer},
  title = {SharC: checking data sharing strategies for multithreaded c},
  booktitle = {PLDI},
  year = {2008}
}

@inproceedings{bulk,
  author = {Luis Ceze and James Tuck and Josep Torrellas and Calin Cascaval},
  title = {Bulk Disambiguation of Speculative Threads in Multiprocessors},
  booktitle = {ISCA},
  year = {2006}
}

@inproceedings{rerun:isca08,
  author = {Derek R. Hower and Mark D. Hill},
  title = {Rerun: Exploiting Episodes for Lightweight Memory Race Recording},
  booktitle = {ISCA},
  year = {2008}
}

@inproceedings{pablo:isca08,
  author = {Pablo Montesinos and Luis Ceze and Josep Torrellas},
  title = {DeLorean: Recording and Deterministically Replaying Shared-Memory Multiprocessor Execution Efficiently},
  booktitle = {ISCA},
  year = {2008}
}

@inproceedings{smp-revirt,
  author = {George W. Dunlap and Dominic G. Lucchetti and Michael A. Fetterman and Peter M. Chen},
  title = {Execution replay of multiprocessor virtual machines},
  booktitle = {Proceedings of the fourth ACM SIGPLAN/SIGOPS international conference on Virtual execution environments},
  year = {2008}
}

@article{therac,
  author = {N. G. Leveson and C. S. Turner},
  title = {An Investigation of the Therac-25 Accidents},
  journal = {Computer},
  volume = {26},
  number = {7},
  year = {1993},
  pages = {18--41}
}

@techreport{pat:02,
  author = "David Patterson and Aaron Brown and Pete Broadwell and George Candea
    and Mike Chen and James Cutler and Patricia Enriquez and Armando Fox and 
    Emre Kiciman and Matthew Merzbacher and David Oppenheimer and Naveen Sastry
    and William Tetzlaff and Jonathan Traupman and Noah Treuhaft",
  title = "Recovery Oriented Computing {(ROC)}: {M}otivation, Definition, 
    Techniques, and Case Studies",
  institution = "Technical Report UCB//CSD-02-1175, U.C.Berkeley",
  month = "Mar",
  year = "2002",
}

@misc{Gartner98downtime,
  author = "Donna Scott",
  title = "Assessing the Costs of Application Downtime. {Gartner Group}",
  month = "May",
  year = "1998",
}   

@inproceedings{satish:pldi07,
  author = {Satish Narayanasamy and Zhenghao Wang and Jordan Tigani and Andrew Edwards and Brad Calder},
  title = {Automatically classifying benign and harmful data racesallusing replay analysis},
  booktitle = {PLDI},
  year = {2007}
}

@inproceedings{ctrigger.asplos09,
  author = {Soyeon Park and Shan Lu and Yuanyuan Zhou},
  title = {CTrigger: Exposing Atomicity Violation Bugs from Their Finding Places
    },
  booktitle = " ASPLOS",
  year = "2009"
}

@article{lamportsc,
  author = {L. Lamport},
  title = {How to Make a Multiprocessor Computer That Correctly Executes Multiprocess Progranm},
  journal = {IEEE Trans. Comput.},
  volume = {28},
  number = {9},
  year = {1979},
  pages = {690--691},
  publisher = {IEEE Computer Society}
}

@misc{stirling,
  title="Stirling's Approximation",
  author="Mathworld",
  howpublished="http://mathworld.wolfram.com/StirlingsApproximation.html"
}

@inproceedings{bugbench,
  author = {Shan Lu and Zhenmin Li and Feng Qin and Lin Tan and Pin Zhou and 
    Yuanyuan Zhou},
  title = {BugBench: A Benchmark for Evaluating Bug Detection Tools},
  booktitle = "Workshop on the Evaluation of Software Defect Detection Tools",
  year = "2005"
}

@inproceedings{KLEE,
  author={Cristian Cadar and Daniel Dunbar and Dawson Engler},
  title ={KLEE: Unassisted and Automatic Generation of High-Coverage Tests for Complex Systems Programs},
  booktitle={OSDI}, 
  year="2008"
}



@inproceedings{dawsonusenix09,
  title = "Linux Kernel Developer Responses to Static Analysis Bug Reports",
  author = "Philip J. Guo and Dawson Engler",
  booktitle="USENIX",
  year = "2009"
}

@inproceedings{ucsd:pldi08,
  author = {Chugh, Ravi and Voung, Jan W. and Jhala, Ranjit and Lerner, Sorin},
  title = {Dataflow analysis for concurrent programs using datarace detection},
  booktitle = {PLDI},
  year = {2008}
}

@inproceedings{jk,
    author = {R. W. M. Jones and P. H. J. Kelly},
    title = {Backwards-compatible bounds checking for arrays and
pointers in c programs},
    booktitle= {Automated and Algorithmic Debugging},
    year = {1997}
}

@inproceedings{lamjk,
  author = {Ruwase, O. and Lam, M.},
  title = {CRED: A Practical Dynamic Buffer Overflow Detector},
  booktitle = {NDSS},
  year = {2004}
}

@inproceedings{vikram:icse06,
  author = {Dhurjati, Dinakar and Adve, Vikram},
  title = {Backwards-compatible array bounds checking for C with very low overhead},
  booktitle = {ICSE},
  year = {2006}
}
@inproceedings{rossback:tm-easier:wddd:2009,
    title = "Is Transactional Programming Actually Easier?",
      author = "Christopher J. Rossbach and Owen S. Hofmann and Emmett Witchel",
        booktitle = "WDDD",
	  year = "2009",
}
@inproceedings{dimmunix,
	title = "Deadlock Immunity: Enabling Systems To Defend Against Deadlocks",
	author = "Horatiu Jula and Daniel Tralamazza and Cristian Zamfir and George Candea",
	booktitle = "OSDI",
	year = "2008"
}
@inproceedings{jpredictor,
	title = "jPredictor: A Predictive Runtime Analysis Tool for Java ",
    	author = "Feng Chen and Traian Florin Serbanuta and Grigore Rosu",
        booktitle = "ICSE",
	year = "2008"
}
@inproceedings{gupta,
  author    = {Chen Tian and
    Vijay Nagarajan and
      Rajiv Gupta and
      Sriraman Tallam},
  title     = {Dynamic recognition of synchronization operations for improved
    data race detection},
  booktitle = {ISSTA},
  year      = {2008}
}

@inproceedings{saman:asplos09,
    author    = {Marek Olszewski and
                     Jason Ansel and
		                      Saman P. Amarasinghe},
      title     = {Kendo: efficient deterministic multithreading in software},
        booktitle = {ASPLOS},
	  year      = {2009}
}

@inproceedings{luis:asplos09,
  author    = {Joseph Devietti and
      Brandon Lucia and
      Luis Ceze and
      Mark Oskin},
  title     = {DMP: deterministic shared memory multiprocessing},
  booktitle = {ASPLOS},
  year      = {2009}
}

@inproceedings{ryder.fse08,
   author = {Dufour, Bruno and Ryder, Barbara G. and Sevitsky, Gary},
    title = {A scalable technique for characterizing the usage of temporaries in framework-intensive Java applications},
     booktitle = {FSE},
      year = {2008}
}
@inproceedings{rod.dsn10,
  author = {Pedro Fonseca and Cheng Li and Vishal Singhal and Rodrigo Rodrigues},
  title = {A Study of the Internal and External Effects of Concurrency Bugs},
  booktitle={DSN},
  year={2010}
}

@techreport{pankratius:doestmwork,
  author	= {Pankratius, Victor and Adl-Tabatabai, Ali-Reza and Otto, Frank},
  title		= {Does Transactional Memory Keep Its Promises? Results from an Empirical Study},
  number = {2009-12},
  institution	= {IPD, University of Karlsruhe, Germany},
  month		= {sep},
  year		= {2009},
}
@inproceedings{emmett.ppopp10,
  author = {Rossbach, Christopher J. and Hofmann, Owen S. and Witchel, Emmett},
  title = {Is transactional programming actually easier?},
  booktitle = {PPoPP},
  year = {2010}
}


@misc{toomuchloadtest,
  author = "Andreas Grabner",
  title = "Why we spend too much time with load testing",
  howpublished = "http://blog.dynatrace.com/2009/10/21/why-we-spend-too-much-time-with-load-testing/"
}

@book{ms:perftest,
  author	= {Microsoft Corporation},
  title		= {Performance Testing Guidance for Web Applications},
  year		= {2007},
  publisher	= {Microsoft Press},
}
@book{rily.perftest,
  author	= {Ian Molyneaux},
  title		= {The Art of Application Performance Testing: Help for Programmers and Quality Assurance},
  year		= {2009},
  publisher	= {O'Reilly Media},
}
@misc{colorado,
  author = "Glen Emerson Morris",
  title = {Lessons from the Colorado Benefits Management System Disaster},
  howpublished= {www.ad-mkt-review.com/publichtml/air/ai200411.html},
  year = 2004,
}
@article{colorado2,
  author = {Bieman, James},
  title = {Editorial: Is Anyone Listening?},
  journal = {Software Quality Control},
  volume = {13},
  number = {3},
  year = {2005},
  issn = {0963-9314},
  pages = {225--226},
  doi = {http://dx.doi.org/10.1007/s11219-005-1750-y},
  publisher = {Kluwer Academic Publishers},
  address = {Hingham, MA, USA},
}

@Book{calvinbook,
  author = {Calvi Lin and Larry Snyder},
  title = {Principles of Parallel Programming},
  year = {2008},
  publisher = {Addison Wesley}
}

@inproceedings{green.pldi10,
  author = {Baek, Woongki and Chilimbi, Trishul M.},
  title = {Green: a framework for supporting energy-conscious programming using controlled approximation},
  booktitle = {PLDI},
  year = {2010}
}
@inproceedings{billpugh,
  author = {Hovemeyer, David and Pugh, William},
  title = {Finding bugs is easy},
  booktitle = {OOPSLA},
  year = {2004}
}
@inproceedings{jolt,
  author = {Shankar, Ajeet and Arnold, Matthew and Bodik, Rastislav},
  title = {Jolt: lightweight dynamic analysis and removal of object churn},
  booktitle = {OOPSLA},
  year = {2008}
}
@inproceedings{gary.pldi10,
  author = {Xu, Guoqing and Mitchell, Nick and Arnold, Matthew and Rountev, Atanas and Schonberg, Edith and Sevitsky, Gary},
  title = {Finding low-utility data structures},
  booktitle = {PLDI},
  year = {2010}
}
@inproceedings{gary.pldi09,
  author = {Xu, Guoqing and Arnold, Matthew and Mitchell, Nick and Rountev, Atanas and Sevitsky, Gary},
  title = {Go with the flow: profiling copies to find runtime bloat},
  booktitle = {PLDI '09},
  year = {2009}
}

@article{hpcview,
  author = {Mellor-Crummey, John and Fowler, Robert J. and Marin, Gabriel and Tallent, Nathan},
  title = {HPCVIEW: A Tool for Top-down Analysis of Node Performance},
  journal = {J. Supercomput.},
  volume = {23},
  number = {1},
  year = {2002},
  issn = {0920-8542},
  pages = {81--104},
  publisher = {Kluwer Academic Publishers},
  address = {Hingham, MA, USA},
}
@inproceedings{bart.ppopp91,
  author = {Hollingsworth, Jeffrey K. and Irvin, R. Bruce and Miller, Barton P.},
  title = {The integration of application and system based metrics in a parallel program performance tool},
  booktitle = {PPOPP},
  year = {1991}
}
@inproceedings{kaishen.sigmetrics09,
  author = {Shen, Kai and Stewart, Christopher and Li, Chuanpeng and Li, Xin},
  title = {Reference-driven performance anomaly identification},
  booktitle = {SIGMETRICS},
  year = {2009}
}
@inproceedings{mogul.sosp03,
  author = {Aguilera, Marcos K. and Mogul, Jeffrey C. and Wiener, Janet L. and Reynolds, Patrick and Muthitacharoen, Athicha},
  title = {Performance debugging for distributed systems of black boxes},
  booktitle = {SOSP},
  year = {2003}
}
@inproceedings{wap5,
  author = {Reynolds, Patrick and Wiener, Janet L. and Mogul, Jeffrey C. and Aguilera, Marcos K. and Vahdat, Amin},
  title = {WAP5: black-box performance debugging for wide-area systems},
  booktitle = {WWW},
  year = {2006}
}
@inproceedings{jeffchase.osdi04,
  author = {Cohen, Ira and Goldszmidt, Moises and Kelly, Terence and Symons, Julie and Chase, Jeffrey S.},
  title = {Correlating instrumentation data to system states: a building block for automated diagnosis and control},
  booktitle = {OSDI},
  year = {2004}
}
@article{paradyn,
  author = {Miller, Barton P. and Callaghan, Mark D. and Cargille, Jonathan M. and Hollingsworth, Jeffrey K. and Irvin, R. Bruce and Karavanic, Karen L. and Kunchithapadam, Krishna and Newhall, Tia},
  title = {The Paradyn Parallel Performance Measurement Tool},
  journal = {Computer},
  volume = {28},
  number = {11},
  year = {1995}
}
@inproceedings{ryder.issta07,
  author = {Dufour, Bruno and Ryder, Barbara G. and Sevitsky, Gary},
  title = {Blended analysis for performance understanding of framework-based applications},
  booktitle = {ISSTA},
  year = {2007}
}

@inproceedings{swisher.profile,
  author = {Hauswirth, Matthias and Diwan, Amer and Sweeney, Peter F. and Mozer, Michael C.},
  title = {Automating vertical profiling},
  booktitle = {OOPSLA},
  year = {2005}
}

@inproceedings{dataview.ics96,
  author = {Irvin, R. Bruce and Miller, Barton P.},
  title = {Mapping performance data for high-level and data views of parallel program performance},
  booktitle = {ICS},
  year = {1996}
}

@inproceedings{doloto,
  author = {Livshits, Benjamin and Kiciman, Emre},
  title = {Doloto: code splitting for network-bound web 2.0 applications},
  booktitle = {FSE},
  year = {2008}
}

@inproceedings{ajaxscope,
  author = {Kiciman, Emre and Livshits, Benjamin},
  title = {AjaxScope: a platform for remotely monitoring the client-side behavior of web 2.0 applications},
  booktitle = {SOSP},
  year = {2007}
}

@inproceedings{ast10,
  author = {Jovic, Milan and Adamoli, Andrea and Zaparanuks, Dmitrijs and Hauswirth, Matthias},
  title = {Automating performance testing of interactive Java applications},
  booktitle = {AST '10: Proceedings of the 5th Workshop on Automation of Software Test},
  year = {2010},
  isbn = {978-1-60558-970-1},
  pages = {8--15}
}



@misc{oprofile,
  title= "{OProfile -- A System Profiler for Linux}",
  author = "OProfile",
  howpublished = "http://oprofile.sourceforge.net"
}


@misc{grinder,
  title= "{The Grinder, a Java Load Testing Framework}",
  author = "Grinder",
  howpublished = "http://grinder.sourceforge.net"
}
@misc{jmeter,
  title= "{Java desktop application designed for load tests}",
  author = "JMeter",
  howpublished = "http://jakarta.apache.org/jmeter"
}
@misc{opensta,
  title= "{Open, Systems Testing Architecture}",
  author = "OpenSTA",
  howpublished = "http://www.opensta.org"
}
@misc{ds160,
  title="{Issue with DS160 Website???}",
  author = "Permanent Resident Applicants",
  howpublished = "http://murthyforum.atinfopop.com/4/OpenTopic?a=tpc\& s=1024039761\& f=4724019812 \&m=2871070302"
}
@misc{responsetimeibm,
  title="The Economic Value of Rapid Response Time",
  author = "IBM",
  howpublished = "http://www.vm.ibm.com/devpages/jelliott/evrrt.html"
}
@misc{epic,
  title="Epic fulfills the promise of sub-second response times",
  author={Systems Corporation},
  howpublished="http://www.epic.com/"
}
@misc{uk,
  title="1901 Census site still down after six months",
  author = {Tim Richardson},
  howpublished="http://www.theregister.co.uk/2002/07/03/ 1901\_census\_site\_still\_down/"
}
@inproceedings{diary.gary,
      author = {Nick Mitchell},
          title = {The diary of a datum: an approach to modeling runtime complexity in framework-based applications},
	      booktitle = {ECOOP},
	          year = {2006}
}
@misc{jquery,
  title="jQuery: The Write Less, Do More, JavaScript Library",
  author = {jQuery},
  howpublished="http://jquery.com"
}
@article{coverity,
  author = {Bessey, Al and Block, Ken and Chelf, Ben and Chou, Andy and Fulton, Bryan and Hallem, Seth and Henri-Gros, Charles and Kamsky, Asya and McPeak, Scott and Engler, Dawson},
  title = {A few billion lines of code later: using static analysis to find bugs in the real world},
  journal = {Commun. ACM},
  volume = {53},
  number = {2},
  year = {2010},
  issn = {0001-0782},
  pages = {66--75},
  doi = {http://doi.acm.org/10.1145/1646353.1646374},
  publisher = {ACM},
  address = {New York, NY, USA},
}

@article{virtue,
  author = {Shaffer, Eric and Reed, Daniel A. and Whitmore, Shannon and Schaeffer, Benjamin},
  title = {Virtue: Performance Visualization of Parallel and Distributed Applications},
  journal = {Computer},
  volume = {32},
  number = {12},
  year = {1999},
  issn = {0018-9162},
  pages = {44--51},
  doi = {http://dx.doi.org/10.1109/2.809250},
  publisher = {IEEE Computer Society Press},
  address = {Los Alamitos, CA, USA},
}
@inproceedings{perfassert1,
  author = {Perl, Sharon E. and Weihl, William E.},
  title = {Performance assertion checking},
  booktitle = {SOSP},
  year = {1993}
}

@inproceedings{perfassert2,
  author = {Vetter, Jeffrey S. and Worley, Patrick H.},
  title = {Asserting performance expectations},
  booktitle = {Supercomputing},
  year = {2002}
}

@article{semanticpatch,
  author    = {Gilles Muller and
    Yoann Padioleau and
      Julia L. Lawall and
      Ren{\'e} Rydhof Hansen},
  title     = {Semantic patches considered helpful},
  journal   = {Operating Systems Review},
  volume    = {40},
  number    = {3},
  year      = {2006},
  pages     = {90-92},
}
@inproceedings{uw,
  author = {Ernst, Daniel J. and Stevenson, Daniel E.},
  title = {Concurrent CS: preparing students for a multicore world},
  booktitle = {ITiCSE '08: Proceedings of the 13th annual conference on Innovation and technology in computer science education},
  year = {2008},
  isbn = {978-1-60558-078-4},
  pages = {230--234},
  location = {Madrid, Spain},
  doi = {http://doi.acm.org/10.1145/1384271.1384333},
  publisher = {ACM},
  address = {New York, NY, USA},
}
@article{freelunch,
  author = {Sutter, Herb and Larus, James},
  title = {Software and the Concurrency Revolution},
  journal = {Queue},
  volume = {3},
  number = {7},
  year = {2005},
  issn = {1542-7730},
  pages = {54--62},
  doi = {http://doi.acm.org/10.1145/1095408.1095421},
  publisher = {ACM},
  address = {New York, NY, USA},
}

@inproceedings{gatech1,
  author    = {Lillian N. Cassel and
    Richard J. LeBlanc and
      Andrew D. McGettrick and
      Michael Wrinn},
  title     = {Concurrency and parallelism in the computing ontology},
  booktitle = {ITiCSE},
  year      = {2009},
  pages     = {402},
}
@inproceedings{gatech2,
  author    = {Andrew D. McGettrick and
    Ren{\'e}e McCauley and
      Richard J. LeBlanc and
      Heikki Topi},
  title     = {Report on the ACM/IEEE-CS undergraduate curricula recommendations},
  booktitle = {SIGCSE},
  year      = {2009},
  pages     = {267-268},
  ee        = {http://doi.acm.org/10.1145/1508865.1508963},
  bibsource = {DBLP, http://dblp.uni-trier.de}
}
@misc{mozilladb,
  author = "Mozilla",
  title = {Welcome to Mozilla's Bugzilla},
  howpublished= {https://bugzilla.mozilla.org/},
  year = 2010,
}
@misc{mercury,
  author="{Mercury Interactive}",
  title="Application Performance Lifecycle Management",
  howpublished="http://whitepapers.techrepublic.com.com/abstract.aspx? docid=257153"
}
@inproceedings{deltaex.asplos09,
  author = {Tucek, Joseph and Xiong, Weiwei and Zhou, Yuanyuan},
  title = {Efficient online validation with delta execution},
  booktitle = {ASPLOS},
  year = {2009}
}


@misc{linuxannot,
  author = "L. Torvalds",
  title="Sparse - A semantic parser for C.",
  howpublished = "http://www.kernel.org/pub/software/devel/sparse/"
}
@inproceedings{log.sosp09,
  author = {Xu, Wei and Huang, Ling and Fox, Armando and Patterson, David and Jordan, Michael I.},
  title = {Detecting large-scale system problems by mining console logs},
  booktitle = {SOSP},
  year = {2009}
}

@inproceedings{lies,
  author = {Dugan, Robert F.},
  title = {Performance lies my professor told me: the case for teaching Software Performance Engineering to undergraduates},
  booktitle = {WOSP},
  year = {2004}
}

@inproceedings{icomment,
  author = "Lin Tan and Ding Yuan and Gopal Krishna and Yuanyuan Zhou",
  title  = "/* i{C}omment: {B}ugs or Bad Comments? */",
  booktitle = "SOSP",
  month  = "October",
  year   = "2007",
}


@inproceedings{perf.fse10,
  author = {Killian, Charles and Nagaraj, Karthik and Pervez, Salman and Braud, Ryan and Anderson, James W. and Jhala, Ranjit},
  title = {Finding latent performance bugs in systems implementations},
  booktitle = {FSE},
  year = {2010}
}

@inproceedings{perfantipattern,
  author = {Smith, Connie U. and Williams, Lloyd G.},
  title = {Software performance antipatterns},
  booktitle = {Proceedings of the 2nd international workshop on Software and performance},
  year = {2000}
}

@inproceedings{candea.eurosys10,
  title = "Execution Synthesis: A Technique for Automated Software Debugging",
  author = "Cristian Zamfir and George Candea",
  booktitle = {EuroSys},
  year = {2010}
}

@inproceedings{llvm,
  author = {Lattner, Chris and Adve, Vikram},
  title = {{LLVM}: A Compilation Framework for Lifelong Program Analysis \& Transformation},
  booktitle = {CGO},
  year = {2004}
} 

@inproceedings{10yearlinux,
  author = {Palix, Nicolas and Thomas, Ga\"{e}l and Saha, Suman and Calv\`{e}s, Christophe and Lawall, Julia and Muller, Gilles},
  title = {Faults in linux: ten years later},
  booktitle= {ASPLOS},
  year = {2011}
} 

@inproceedings{s2e,
  author = {Chipounov, Vitaly and Kuznetsov, Volodymyr and Candea, George},
  title = {{S2E}: a platform for in-vivo multi-path analysis of software systems},
  booktitle= {ASPLOS},
  year = {2011}
} 

@inproceedings{asplos11karthik,
  author = {Liu, Song and Pattabiraman, Karthik and Moscibroda, Thomas and Zorn, Benjamin G.},
  title = {Flikker: saving DRAM refresh-power through critical data partitioning},
  booktitle = {ASPLOS},
  year = {2011}
} 

@inproceedings{asplos11martin,
   author = {Hoffmann, Henry and Sidiroglou, Stelios and Carbin, Michael and Misailovic, Sasa and Agarwal, Anant and Rinard, Martin},
    title = {Dynamic knobs for responsive power-aware computing},
     booktitle = {ASPLOS},
       year = {2011}
}

@inproceedings{zhendong.oopsla10,
  author = {Gabel, Mark and Yang, Junfeng and Yu, Yuan and Goldszmidt, Moises and Su, Zhendong},
  title = {Scalable and systematic detection of buggy inconsistencies in source code},
  booktitle = {OOPSLA},
  year = {2010}
} 

@misc{dicksites,
  title		= "Identifying Dark Latency",
  author	= {Richard L. Sites, Google, Inc.},
  howpublished= ""
}

@inproceedings{hunt.sosp09,
  author    = {Kirk Glerum and
    Kinshuman Kinshumann and
      Steve Greenberg and
      Gabriel Aul and
      Vince Orgovan and
      Greg Nichols and
      David Grant and
      Gretchen Loihle and
      Galen C. Hunt},
  title     = {Debugging in the (very) large: ten years of implementation
    and experience},
  booktitle = {SOSP},
  year      = {2009}
}

@article{horwitz,
  author = {Horwitz, Susan and Reps, Thomas and Binkley, David},
  title = {Interprocedural Slicing Using Dependence Graphs},
  journal = {ACM Trans. Program. Lang. Syst.},
  issue_date = {Jan. 1990},
  volume = {12},
  number = {1},
  month = jan,
  year = {1990},
  pages = {26--60}
} 

@inproceedings{xiangyu.ase05,
  author = {Gupta, Neelam and He, Haifeng and Zhang, Xiangyu and Gupta, Rajiv},
  title = {Locating Faulty Code Using Failure-inducing Chops},
  booktitle = {ASE},
  year = {2005}
} 
